<?xml version="1.0" encoding="UTF-8"?><record xmlns="http://www.loc.gov/MARC21/slim" xmlns:cinclude="http://apache.org/cocoon/include/1.0" xmlns:zs="http://www.loc.gov/zing/srw/">
  <leader>00986cz  a2200205n  4500</leader>
  <controlfield tag="001">n  82228396 </controlfield>
  <controlfield tag="003">DLC</controlfield>
  <controlfield tag="005">20090102075623.0</controlfield>
  <controlfield tag="008">830510n| acannaabn          |a aaa     c</controlfield>
  <datafield tag="010" ind1=" " ind2=" ">
    <subfield code="a">n  82228396 </subfield>
  </datafield>
  <datafield tag="035" ind1=" " ind2=" ">
    <subfield code="a">(OCoLC)oca00882334</subfield>
  </datafield>
  <datafield tag="040" ind1=" " ind2=" ">
    <subfield code="a">CtY</subfield>
    <subfield code="b">eng</subfield>
    <subfield code="c">DLC</subfield>
    <subfield code="d">DLC</subfield>
    <subfield code="d">OCoLC</subfield>
  </datafield>
  <datafield tag="100" ind1="1" ind2=" ">
    <subfield code="a">Orlaĭ, Ivan Semenovich,</subfield>
    <subfield code="d">1770-1829</subfield>
  </datafield>
  <datafield tag="400" ind1="1" ind2=" ">
    <subfield code="a">Orlaĭ, Ivan Semenovych,</subfield>
    <subfield code="d">1770-1829</subfield>
  </datafield>
  <datafield tag="400" ind1="1" ind2=" ">
    <subfield code="a">Orlaj, Ivan Semenovič,</subfield>
    <subfield code="d">1770-1829</subfield>
  </datafield>
  <datafield tag="400" ind1="1" ind2=" ">
    <subfield code="a">Orlay, János,</subfield>
    <subfield code="d">1770-1829</subfield>
  </datafield>
  <datafield tag="400" ind1="1" ind2=" ">
    <subfield code="a">Orlaĭ, I. S.</subfield>
    <subfield code="q">(Ivan Semenovich),</subfield>
    <subfield code="d">1770-1829</subfield>
  </datafield>
  <datafield tag="670" ind1=" " ind2=" ">
    <subfield code="a">Baĭt︠s︡ura, T. Ivan Semenovich Orlaĭ, 1977 (subj.)</subfield>
    <subfield code="b">t.p. (Ivan Semenovich Orlaĭ) p. 7 (Orlay János, 1770-1829) colophon (Ivan Semenovič Orlaj)</subfield>
  </datafield>
  <datafield tag="670" ind1=" " ind2=" ">
    <subfield code="a">Ukrainsʹka radi︠a︡nsʹka ent︠s︡yklopedii︠a︡, 1959-65,</subfield>
    <subfield code="b">v. 10, p. 377 (Orlaĭ Ivan Semenovych, 1770-1829)</subfield>
  </datafield>
  <datafield tag="670" ind1=" " ind2=" ">
    <subfield code="a">Her Ivan Semenovich Orlaĭ, 1977:</subfield>
    <subfield code="b">t.p. (Ivan Semenovich Orlaĭ) p. 5 (I.S. Orlae) colophon (Ivan Semenovych Orlaĭ, Ivan Semenovǐc Orlaj)</subfield>
  </datafield>
</record>